@inproceedings{vovk2013transductive,
  title={Transductive conformal predictors},
  author={Vovk, Vladimir},
  booktitle={IFIP International Conference on Artificial Intelligence Applications and Innovations},
  pages={348--360},
  year={2013},
  organization={Springer}
}

@article{shafer2008tutorial,
  title={A tutorial on conformal prediction},
  author={Shafer, Glenn and Vovk, Vladimir},
  journal={Journal of Machine Learning Research},
  volume={9},
  number={Mar},
  pages={371--421},
  year={2008}
}

@article{norinder2014introducing,
  title={Introducing conformal prediction in predictive modeling. A transparent and flexible alternative to applicability domain determination},
  author={Norinder, Ulf and Carlsson, Lars and Boyer, Scott and Eklund, Martin},
  journal={Journal of chemical information and modeling},
  volume={54},
  number={6},
  pages={1596--1603},
  year={2014},
  publisher={ACS Publications}
}

@article{eklund2015application,
  title={The application of conformal prediction to the drug discovery process},
  author={Eklund, Martin and Norinder, Ulf and Boyer, Scott and Carlsson, Lars},
  journal={Annals of Mathematics and Artificial Intelligence},
  volume={74},
  number={1-2},
  pages={117--132},
  year={2015},
  publisher={Springer}
}

@article{eklund2012application,
  title={Application of conformal prediction in QSAR},
  author={Eklund, Martin and Norinder, Ulf and Boyer, Scott and Carlsson, Lars},
  journal={Artificial Intelligence Applications and Innovations},
  pages={166--175},
  year={2012},
  publisher={Springer}
}

@book{balasubramanian2014conformal,
  title={Conformal Prediction for Reliable Machine Learning: Theory, Adaptations and Applications},
  author={Balasubramanian, Vineeth and Ho, Shen-Shyang and Vovk, Vladimir},
  year={2014},
  publisher={Newnes}
}

